<?xml version="1.0" encoding="UTF-8"?><collection xmlns="http://www.loc.gov/MARC21/slim"><record><leader>00615nam--2200217-u-4500</leader><controlfield tag="001">000050329</controlfield><controlfield tag="002">20161230</controlfield><controlfield tag="003">1290</controlfield><controlfield tag="005">20161230201048</controlfield><controlfield tag="008">060601s1000------------r-----000-0-eng-d</controlfield><datafield ind1=" " ind2=" " tag="040"><subfield code="a">IFIN-HH</subfield></datafield><datafield ind1=" " ind2=" " tag="041"><subfield code="a">rus</subfield></datafield><datafield ind1=" " ind2=" " tag="080"><subfield code="a">51</subfield></datafield><datafield ind1="1" ind2="0" tag="100"><subfield code="a">Kantorovicha,L.V</subfield></datafield><datafield ind1="1" ind2="0" tag="245"><subfield code="a">Trudy Matematicheskogo Instituta im.V.A.Steklova</subfield><subfield code="c">L.V.Kantorovicha(ed.)</subfield></datafield><datafield ind1=" " ind2=" " tag="260"><subfield code="a">Moskva</subfield><subfield code="b">Izdatelstvo Akademii Nauk SSSR</subfield><subfield code="c">1949</subfield></datafield><datafield ind1=" " ind2=" " tag="300"><subfield code="a">182 p</subfield></datafield><datafield ind1=" " ind2=" " tag="490"><subfield code="a">Sbornik Rabot po Priblizhennomu Analizu Leningradskogo Otdeleniya Instituta</subfield></datafield><datafield ind1="1" ind2=" " tag="700"><subfield code="a">Kantorobicha,L.V</subfield></datafield><datafield ind1=" " ind2=" " tag="852"><subfield code="a">51</subfield></datafield><datafield ind1=" " ind2=" " tag="CAT"><subfield code="a">Sys</subfield><subfield code="c">20060606</subfield><subfield code="h">113401</subfield></datafield></record></collection>